

@book{Abramowski2016,
	Author = {Anneliese Abramowski and Andreas Haida and Katharina Hartmann and Stefan Hinterwimmer and Hagen Hirschmann and Sabine Kr{\"a}mer and Ewald Lang and Anke L{\"u}deling and Antonio {Machicao y Priemer} and Claudia Maienborn and Christine Mooshammer and Stefan M{\"u}ller and Renate Musan and Katharina Nimz and Andreas Nolda and Sophie Repp and Eva Schlachter and Peter Skupinski and Monika Strietz and Luka Szucsich and Elisabeth Verhoeven and Heike Wiese},
	Publisher = {Institut f{\"u}r deutsche Sprache und Linguistik der Humboldt-Universit{\"a}t zu Berlin},
	Title = {Arbeitsmaterialien {Grundkurs Linguistik}},
	Year = {2016}}

@phdthesis{Abney87x,
   Author = {Abney, Steven Paul},
   Title = {The {E}nglish {N}oun {P}hrase in its Sentential Aspect},
   School = {Massachusetts Institute of Technology},
   Type = {Unveröffentlichte  {D}issertation},
   URL = {http://www.vinartus.net/spa/publications.html},
   URLdate = {23.12.2009},
   Year = {1987} }
   
@book{Adger04a,
   Author = {Adger, David},
   Title = {Core Syntax: {A} Minimalist Approach},
   Publisher = {Oxford University Press},
   Address = {Oxford},
   Year = {2004} }

@book{Agel00a,
   author = {Ágel, Vilmos},
   title = {Valenztheorie},
   publisher = {Narr},
   address = {Tübingen},
   series = {Narr Studienbücher},
   keywords = {Sprachwissenschaft; Syntax; Valenz; Strukturalismus; Dependenz; Rektion; Verb; Nomen; Typologie; Phrase: Adjunkt; Phrase: Komplement; Textlinguistik; GK Syntax; Subjekt; Kasus: Nominativ; Prädikat; Phrase: Argument; Kongruenz;  },
   year = {2000}
}

@incollection{Alexiadou&Co10c,
	Author = {Alexiadou, Artemis and Schäfer, Florian},
	Title = {On the syntax of episodic vs. dispositional `-er' nominals},
	BookTitle = {The Syntax of Nominalizations across Languages and Frameworks},
	Editor = {Alexiadou, Artemis and Rathert, Monika},
	Series = {Interface Explorations},
	Number = {23},
	Publisher = {de Gruyter Mouton},
	Address = {Berlin},
	Pages = {9--38},
	Year = {2010} }

@incollection{Altmann93a-removed,
   Author = {Altmann, Hans},
   Title = {Satzmodus},
   BookTitle = {Syntax. {Ein} internationales {Handbuch zeitgenössischer Forschung}},
   Editor = {Jacobs, Joachim and Stechow, Arnim von and Sternefeld, Wolfgang and Vennemann, Theo},
   Series = {HSK 9.1},
   Publisher = {Walter de Gruyter},
   Address = {Berlin},
   Pages = {1006--1029},
   Year = {1993} }

@book{Altmann&Co07a,
   author = {Altmann, Hans and Ziegenhain, Ute},
   title = {Phonetik, {Phonologie und Graphemik fürs Examen}},
   publisher = {Vandenhoeck \& Ruprecht},
   address = {Göttingen},
   edition = {2.},
   year = {2007}
}

@book{Altmann&Hofmann08a,
   Author = {Altmann, Hans and Hofmann, Ute},
   Title = {Topologie fürs {Examen: Verbstellung, Klammerstruktur, Stellungsfelder, Satzglied- und Wortstellung}},
   Publisher = {Vandenhoeck \& Ruprecht},
   Address = {Göttingen},
   Edition = {2},
   Year = {2008} }

@incollection{Bauer00a,
	Author = {Bauer, Laurie},
	Title = {Word},
	BookTitle = {Morphologie: ein internationales {H}andbuch zur {F}lexion und {W}ortbildung},
	Editor = {Booij, Geert and Lehmann, Christian and Mugdan, Joachim},
	Series = {Handbooks of Linguistics and Communication Science},
	Publisher = {Walter de Gruyter},
	Address = {Berlin},
	Volume = {17.1},
	Pages = {247--257},
	Year = {2000} }

@article{Brame82a,
   Author = {Brame, Michael},
   Title = {The head-selector theory of lexical specifications and the nonexistence of coarse categories},
   Journal = {Linguistic Analysis},
   Volume = {10},
   Number = {4},
   Pages = {321--325},
   Year = {1982} }
   
@misc{Boutonnet15a,
   Author = {Boutonnet, Bastien},
   Title = {We do Sort of have `Grammar' in our Brain, but {Chomsky} wasn't more Right or Wrong before {Ding}'s Paper},
   Volume = {2015},
   Number = {13.12.205},
   URL = {http://www.bastienboutonnet.com/we-do-sort-of-have-grammar-in-our-brain-but-chomsky- wasnt-more-right-or-wrong-before-dings-paper/},
   URLdate = {Zugriff: 13.12.205},
   Year = {2015} }

@book{Brandt&Co06a,
   Author = {Brandt, Patrick and Dietrich, Rolf-Albert and Schön, Georg},
   Title = {Sprachwissenschaft: {E}in roter {F}aden für das {S}tudium},
   Publisher = {Böhlau},
   Address = {Köln},
   Edition = {2},
   Year = {2006} }
   
@book{Bussmann83a-removed,
   author = {Bußmann, Hadumod},
   title = {Lexikon der {Sprachwissenschaft}},
   publisher = {Alfred Kröner Verlag},
   address = {Stuttgart},
   series = {Kröners Taschenausgabe},
   year = {1983}
}

@book{Bussmann02a,
   author = {Bußmann, Hadumod},
   title = {Lexikon der {Sprachwissenschaft}},
   publisher = {Kröner},
   address = {Stuttgart},
   year = {2002}
}

@book{Buehler34a,
	author = {Bühler, Karl},
	title = {Sprachtheorie: {D}ie {D}arstellungsfunktion von {S}prache},
	publisher = {Gustav Fischer Verlag},
	address = {Jena},
	year = {1934}
}


@misc{SySt06a,
	Author = {Carroll, Lewis and Enzensberger, Christian and Remane, Lieselotte and Remane, Martin and Scott, Robert},
	Title = {Jabberwocky},
	Month = {05.03.2013},
	Note = {Übersetzungen von \gqq{Jabberwocky} von Lewis Carroll aus dem Buch \gqq{Alice hinter den Spiegeln} (1871)},
	URL = {http://www.systemischestrukturaufstellungen.com/jabberwocky.html},
	URLdate = {07.04.2013},
	Year = {2006} }

@incollection{Chaves19,
	Author = {Chaves, Rui P.},
	Title = {Construction {G}rammar},
	BookTitle = {Current Approachesto Syntax: A Comparative Handbook},
	Editor = {Kertész, András and Moravcsik, Edith and Rákosi, Csilla},
	Number = {3},
	Publisher = {Mouton de Gruyter},
	Series = {Comparative Handbooks of Linguistics},
	Address = {Berlin},
	Pages = {49--96},
	Year = {2019} }

@book{Chomsky57x,
   Author = {Chomsky, Noam},
   Title = {Syntactic Structures},
   Publisher = {Mouton de Gruyter},
   Address = {The Hague},
   Year = {1957} }

@book{Chomsky65a-doubled,
   Author = {Chomsky, Noam},
   Title = {Aspects of the Theory of Syntax},
   Publisher = {MIT Press},
   Address = {Cambridge},
   Year = {1965} }

@incollection{Chomsky70a-doubled,
   Author = {Chomsky, Noam},
   Title = {Remarks on Nominalization},
   BookTitle = {Readings in {English} Transformational Grammar},
   Editor = {Jacobs, Roderick A. and Rosenbaum, Peter S.},
   Publisher = {Ginn \& Company},
   Address = {Waltham},
   Pages = {184--221},
   Year = {1970} }
      
@book{Chomsky81x,
   Author = {Chomsky, Noam},
   Title = {Lectures on {G}overnment and {B}inding: The {P}isa Lectures},
   Publisher = {Foris Publications},
   Address = {Holland},
   Year = {1981} }

@book{Chomsky95a,
   Author = {Chomsky, Noam},
   Title = {The {M}inimalist {P}rogram},
   Publisher = {MIT Press},
   Address = {Cambridge},
   Year = {1995} }

@incollection{Chomsky&Lasnik93a,
	Author = {Chomsky, Noam and Lasnik, Howard},
	Title = {The Theory of {P}rinciples and {P}arameters},
	BookTitle = {Syntax: {E}in internationales {H}andbuch zeitgenössischer {F}orschung},
	Editor = {Jacobs, Joachim and Stechow, Arnim von and Sternefeld, Wolfgang and Vennemann, Theo},
	Series = {Handbooks of Linguistics and Communication Science},
	Number = {9.1},
	Publisher = {Walter de Gruyter},
	Address = {Berlin},
	Volume = {1},
	Pages = {506--569},
	Year = {1993} }

@book{Coseriu88a,
   Editor = {Coseriu, Eugenio},
   Title = {Einführung in die allgemeine {S}prachwissenschaft},
   Publisher = {Francke},
   Address = {Tübingen},
   Year = {1988} }

@incollection{Cresswell91a,
	Author = {Cresswell, Maxwell J.},
	Title = {Basic Concepts of Semantics},
	BookTitle = {Semantik: Ein internationales {H}andbuch zeitgenössischer {F}orschung},
	Editor = {Stechow Arnim, von and Wunderlich, Dieter},
	Series = {Handbooks of Linguistics and Communication Science (HSK)},
	Publisher = {Walter de Gruyter},
	Address = {Berlin},
	Volume = {6},
	Pages = {24--31},
	Year = {1991} }

@incollection{Dalrymple&Findlay19,
	Author = {Dalrymple, Mary and Findlay, Jamie Y.},
	Title = {Lexical {F}unktional {G}rammar},
	BookTitle = {Current Approaches to Syntax: A Comparative Handbook},
	Editor = {Kertész, András and Moravcsik, Edith and Rákosi, Csilla},
	Number = {3},
	Publisher = {Mouton de Gruyter},
	Series = {Comparative Handbooks of Linguistics},
	Address = {Berlin},
	Pages = {123--154},
	Year = {2019} }

@misc{Devitt15a,
   Author = {Devitt, James},
   Title = {Chomsky Was Right, {NYU} Researchers Find: {We} do have a `Grammar' in our Head},
   Publisher = {NYU},
   URL = {http://www.nyu.edu/about/news-publications/news/2015/12/07/chomsky-was-right-nyu-researchers-find-we-do-have-a- grammar-in-our-head.html},
   URLdate = {Zugriff: 13.12.2015},
   Year = {2015} }

@incollection{Doelling15a,
	Author = {Dölling, Johannes},
	Title = {Sortale Variation der Bedeutung bei ung-Nominalisierungen},
	BookTitle = {Situationsargumente im Nominalbereich},
	Editor = {Fortmann, Christian and Lübbe, Anja and Rapp, Irene},
	Series = {Linguistische Arbeiten},
	Number = {562},
	Publisher = {de Gruyter Mouton},
	Address = {Berlin},
	Pages = {49--92},
	Year = {2015} }

@book{Drach39a,
	Author = {Drach, Erich},
	Title = {Grundgedanken der Deutschen {S}atzlehre},
	Publisher = {Verlag Moritz Diesterweg},
	Address = {Frankfurt am Main},
	Year = {1937} }

@book{DudenAussprache00a,
	Key = {Duden},
	Author = {Mangold, Max},
	Title = {Duden: Das {A}ussprachewörterbuch},
	Publisher = {Dudenverlag},
	Address = {Mannheim},
	Series = {Duden},
	Volume = {6},
	Edition = {6},
	Year = {2005} }

@incollection{Duden13a,
   author = {Duden},
   title = {Sprache},
   booktitle = {Deutsches {Universalwörterbuch} (online)},
   editor = {Dudenredaktion},
   publisher = {Langenscheidt},
   note = {(http://services.langenscheidt.de/fak/
[Zugriff: 07.04.2013])},
   year = {2013}
}

@book{DudenRechtschreibung06a,
	Key = {Duden},
	title = {Duden: {D}ie deutsche {R}echtschreibung},
	publisher = {Bibliographisches Institut \& F. A. Brockhaus AG},
	address = {Mannheim},
	year = {2006}
}

@book{DudenGramm09d,
   author = {Eisenberg, Peter and Peters, Jörg and Gallmann, Peter and Fabricius-Hansen, Cathrine and Nübling, Damaris and Barz, Irmhild and Fritz, Thomas and Fiehler, Reinhard},
   title = {Duden -- {Die Grammatik: unentbehrlich für richtiges Deutsch}},
   publisher = {Dudenverlag},
   address = {Mannheim},
   volume = {4},
   edition = {8},
   keywords = {Sprachwissenschaft; Grammatik; Norm; GK Linguistik},
   year = {2009} }

@book{Duerscheid04a,
	Author = {Dürscheid, Christa},
	Title = {Einführung in die {S}chriftlinguistik},
	Publisher = {VS Verlag für Sozialwissenschaften},
	Address = {Wiesbaden},
	Edition = {2},
	Year = {2004} }

@incollection{Eins16a,
	Author = {Eins, Wieland},
	Title = {Ableitungsbasis},
	BookTitle = {Metzler {L}exikon {S}prache},
	Editor = {Glück, Helmut and Rödel, Michael},
	Publisher = {Metzler},
	Address = {Stuttgart},
	Edition = {5},
	Pages = {6},
	Year = {2016} }

@incollection{Eins16b,
	Author = {Eins, Wieland},
	Title = {Simplex},
	BookTitle = {Metzler {L}exikon {S}prache},
	Editor = {Glück, Helmut and Rödel, Michael},
	Publisher = {Metzler},
	Address = {Stuttgart},
	Edition = {5},
	Pages = {619},
	Year = {2016} }

@incollection{Eins16c,
	Author = {Eins, Wieland},
	Title = {Stamm},
	BookTitle = {Metzler {L}exikon {S}prache},
	Editor = {Glück, Helmut and Rödel, Michael},
	Publisher = {Metzler},
	Address = {Stuttgart},
	Edition = {5},
	Pages = {668},
	Year = {2016} }

@incollection{Eins16d,
	Author = {Eins, Wieland},
	Title = {Wurzel},
	BookTitle = {Metzler {L}exikon {S}prache},
	Editor = {Glück, Helmut and Rödel, Michael},
	Publisher = {Metzler},
	Address = {Stuttgart},
	Edition = {5},
	Pages = {778},
	Year = {2016} }

@incollection{Eins16e,
	Author = {Eins, Wieland},
	Title = {Konfix},
	BookTitle = {Metzler {L}exikon {S}prache},
	Editor = {Glück, Helmut and Rödel, Michael},
	Publisher = {Metzler},
	Address = {Stuttgart},
	Edition = {5},
	Pages = {352},
	Year = {2016} }

@incollection{Eins16f,
	Author = {Eins, Wieland},
	Title = {Produktivität},
	BookTitle = {Metzler {L}exikon {S}prache},
	Editor = {Glück, Helmut and Rödel, Michael},
	Publisher = {Metzler},
	Address = {Stuttgart},
	Edition = {5},
	Pages = {537},
	Year = {2016} }

@incollection{Eins16g,
	Author = {Eins, Wieland},
	Title = {Partikelverb},
	BookTitle = {Metzler {L}exikon {S}prache},
	Editor = {Glück, Helmut and Rödel, Michael},
	Publisher = {Metzler},
	Address = {Stuttgart},
	Edition = {5},
	Pages = {499},
	Year = {2016} }

@incollection{Eins16h,
	Author = {Eins, Wieland},
	Title = {Konversion},
	BookTitle = {Metzler {L}exikon {S}prache},
	Editor = {Glück, Helmut and Rödel, Michael},
	Publisher = {Metzler},
	Address = {Stuttgart},
	Edition = {5},
	Pages = {369},
	Year = {2016} }

@book{Eisenberg04,
	Author = {Eisenberg, Peter},
	Title = {{Grundriß der deutschen Grammatik. Das Wort}},
	Publisher = {Metzler},
	Address = {Stuttgart},
	Year = {2004},
	Volume = {1} }

@book{Eisenberg00a,
   author = {Eisenberg, Peter},
   title = {Grundriß der deutschen {Grammatik: Das Wort}},
   publisher = {Metzler},
   address = {Stuttgart},
   volume = {1},
   keywords = {Sprachwissenschaft; Morphologie; Phonetik; Phonologie; Graphematik; Orthographie; Theoriebildung; Semantik; Wortbildung; Flexion; Konfix; Affixe; Komposition; Rektionskompositum; Kopulativkomposita; Possessivkompositum; Pseudokompositum; Fuge; Konfixkompositum; GK Linguistik; GK Morphologie; GK Graphematik; GK Phonologie; Derivation; Konversion; SIlbe; },
   year = {2000} }

@inproceedings{Enders17a,
	Author = {Enders, Felicitas},
	Title = {A Unified Account for {G}erman `doch'},
	BookTitle = {The 41st Annual Penn Linguistics Colloquium},
	Editor = {Irani, Ava and Šereikaitė, Milena},
	Number = {1},
	Address= {Philadelphia},
	Publisher = {University of Pennsylvania},
	Volume = {24},
	Pages = {56--65},
	URL = {https://repository.upenn.edu/pwpl/vol24/iss1/8/},
	URLdate = {18.04.2018},
	Year = {2017} }

@book{Erdmann86-removed,
	author = {Erdmann, Oskar},
	title = {Grundzüge der deutschen {S}yntax},
	publisher = {Cotta},
	address = {Stuttgart},
	year = {1886} }

@article{Evans&Levinson09a,
   Author = {Evans, Nicholas and Levinson, Stephen C.},
   Title = {The Myth of Language Universals: {Language} Diversity and its Importance for Cognitive Science},
   Journal = {Behavioral and Brain Sciences},
   Volume = {32},
   Pages = {429--492},
   Year = {2009} }
 
@book{Fanselow&Sascha87a,
 	Author = {Fanselow, Gisbert and Felix, Sascha},
 	Title = {Sprachtheorie: {E}ine {E}inführung in die {G}enerative {G}rammatik. {G}rundlagen und {Z}ielsetzungen},
 	Publisher = {Francke},
 	Address = {Tübingen},
 	Volume = {1},
 	Year = {1987} }
 
@book{Fanselow&Sascha93a,
	Author = {Fanselow, Gisbert and Felix, Sascha},
	Title = {Sprachtheorie: {E}ine {E}inführung in die {G}enerative {G}rammatik. Die {R}ektions- und {B}indungstheorie},
	Publisher = {Francke},
	Address = {Tübingen},
	Volume = {2},
	Year = {1993} }
   
@incollection{Finkbeiner&Meibauer14a,
   Author = {Finkbeiner, Rita and Meibauer, Jörg},
   Title = {`{F}estschrift oder nicht {F}estschrift': {S}yntax, {S}emantik und {P}ragmatik einer peripheren {K}onstruktion},
   BookTitle = {Zwischen {Kern und Peripherie: Untersuchungen zu Randbereichen in Sprache und Grammatik}},
   Editor = {Machicao y Priemer, Antonio and Nolda, Andreas and Sioupi, Athina},
   Publisher = {De Gruyter},
   Address = {Berlin},
   Pages = {69--88},
   Year = {2014} }
 
 @incollection{Fleischer00a,
 	Author = {Fleischer, Wolfgang},
 	Title = {Die {K}lassifikation von {W}ortbildungsprozessen},
 	BookTitle = {Morphologie: ein internationales {H}andbuch zur {F}lexion und {W}ortbildung},
 	Editor = {Booij, Geert and Lehmann, Christian and Mugdan, Joachim},
 	Series = {Handbooks of Linguistics and Communication Science},
 	Publisher = {Walter de Gruyter},
 	Address = {Berlin},
 	Volume = {17.1},
 	Pages = {886--897},
 	Year = {2000} }

@book{Fleischer&Barz12a,
	Author = {Fleischer, Wolfgang and Barz, Irmhild},
	Title = {Wortbildung der deutschen {G}egenwartssprache},
	Publisher = {De Gruyter},
	Address = {Berlin},
	Edition = {4},
	Series = {De Gruyter Studium},
	Year = {2012} }
   
@misc{Fries15a,
   Author = {Fries, Norbert},
   Title = {Fries on {CD}: {Vorträge und Vorlesungen} 2002--2015},
   Publisher = {Humboldt Universität zu Berlin},
   Address = {Berlin},
   Year = {2015} }  

@incollection{Fries16a,
	Author = {Fries, Norbert},
	Title = {Grammatikalität},
	BookTitle = {Metzler {L}exikon {S}prache},
	Editor = {Glück, Helmut and Rödel, Michael},
	Publisher = {Metzler},
	Address = {Stuttgart},
	Edition = {5},
	Pages = {251},
	Year = {2016} }

@incollection{Fries16b,
	Author = {Fries, Norbert},
	Title = {Idealer {S}precher-{H}örer},
	BookTitle = {Metzler {L}exikon {S}prache},
	Editor = {Glück, Helmut and Rödel, Michael},
	Publisher = {Metzler},
	Address = {Stuttgart},
	Edition = {5},
	Pages = {278},
	Year = {2016} }

@incollection{Fries16c,
	Author = {Fries, Norbert},
	Title = {Adäquatheit},
	BookTitle = {Metzler {L}exikon {S}prache},
	Editor = {Glück, Helmut and Rödel, Michael},
	Publisher = {Metzler},
	Address = {Stuttgart},
	Edition = {5},
	Pages = {9},
	Year = {2016} }

@incollection{Fries16d,
	Author = {Fries, Norbert},
	Title = {Satzmodus},
	BookTitle = {Metzler {L}exikon {S}prache},
	Editor = {Glück, Helmut and Rödel, Michael},
	Publisher = {Metzler},
	Address = {Stuttgart},
	Edition = {5},
	Pages = {586--587},
	Year = {2016} }

@incollection{Fries16e,
	Author = {Fries, Norbert},
	Title = {Satztyp},
	BookTitle = {Metzler {L}exikon {S}prache},
	Editor = {Glück, Helmut and Rödel, Michael},
	Publisher = {Metzler},
	Address = {Stuttgart},
	Edition = {5},
	Pages = {588},
	Year = {2016} }

@incollection{Fries16h,
	Author = {Fries, Norbert},
	Title = {Move $\alpha$},
	BookTitle = {Metzler {L}exikon {S}prache},
	Editor = {Glück, Helmut and Rödel, Michael},
	Publisher = {Metzler},
	Address = {Stuttgart},
	Edition = {5},
	Pages = {449},
	Year = {2016} }

@incollection{Fries16i,
	Author = {Fries, Norbert},
	Title = {Verkettung},
	BookTitle = {Metzler {L}exikon {S}prache},
	Editor = {Glück, Helmut and Rödel, Michael},
	Publisher = {Metzler},
	Address = {Stuttgart},
	Edition = {5},
	Pages = {752},
	Year = {2016} }

@incollection{Fries&MyP16a,
	Author = {Fries, Norbert and Machicao y Priemer, Antonio},
	Title = {X-{B}ar-{T}heorie},
	BookTitle = {Metzler {L}exikon {S}prache},
	Editor = {Glück, Helmut and Rödel, Michael},
	Publisher = {Metzler},
	Address = {Stuttgart},
	Edition = {5},
	Pages = {779--780},
	Year = {2016} }

@incollection{Fries&MyP16b,
	Author = {Fries, Norbert and Machicao y Priemer, Antonio},
	Title = {Akzeptabilität},
	BookTitle = {Metzler {L}exikon {S}prache},
	Editor = {Glück, Helmut and Rödel, Michael},
	Publisher = {Metzler},
	Address = {Stuttgart},
	Edition = {5},
	Pages = {25},
	Year = {2016} }

@incollection{Fries&MyP16c,
	Author = {Fries, Norbert and Machicao y Priemer, Antonio},
	Title = {{GG}},
	BookTitle = {Metzler {L}exikon {S}prache},
	Editor = {Glück, Helmut and Rödel, Michael},
	Publisher = {Metzler},
	Address = {Stuttgart},
	Edition = {5},
	Pages = {242--244},
	Year = {2016} }

@incollection{Fries&MyP16d,
	Author = {Fries, Norbert and Machicao y Priemer, Antonio},
	Title = {Kompetenz vs.\ {P}erformanz},
	BookTitle = {Metzler {L}exikon {S}prache},
	Editor = {Glück, Helmut and Rödel, Michael},
	Publisher = {Metzler},
	Address = {Stuttgart},
	Edition = {5},
	Pages = {348--349},
	Year = {2016} }

@incollection{Fries&MyP16h,
	Author = {Fries, Norbert and Machicao y Priemer, Antonio},
	Title = {{INFL}},
	BookTitle = {Metzler {L}exikon {S}prache},
	Editor = {Glück, Helmut and Rödel, Michael},
	Publisher = {Metzler},
	Address = {Stuttgart},
	Edition = {5},
	Pages = {290},
	Year = {2016} }

@incollection{Fries&MyP16i,
	Author = {Fries, Norbert and Machicao y Priemer, Antonio},
	Title = {{COMP}-{P}osition},
	BookTitle = {Metzler {L}exikon {S}prache},
	Editor = {Glück, Helmut and Rödel, Michael},
	Publisher = {Metzler},
	Address = {Stuttgart},
	Edition = {5},
	Pages = {122},
	Year = {2016} }

@incollection{Fries&MyP16j,
	Author = {Fries, Norbert and Machicao y Priemer, Antonio},
	Title = {Kopf},
	BookTitle = {Metzler {L}exikon {S}prache},
	Editor = {Glück, Helmut and Rödel, Michael},
	Publisher = {Metzler},
	Address = {Stuttgart},
	Edition = {5},
	Pages = {371--372},
	Year = {2016} }

@incollection{Fries&MyP16k,
	Author = {Fries, Norbert and {Machicao y Priemer}, Antonio},
	Title = {Ambiguität},
	BookTitle = {Metzler Lexikon Sprache},
	Editor = {Glück, Helmut and Rödel, Michael},
	Publisher = {Metzler},
	Address = {Stuttgart},
	Edition = {5},
	Pages = {36},
	Year = {2016} }

@incollection{Fuhrhop96a,
	Author = {Fuhrhop, Nanna},
	Title = {Fugenelemente},
	BookTitle = {Deutsch -- typologisch: {I}nstitut für deutsche {S}prache -- {J}ahrbuch 1995},
	Editor = {Lang, Ewald and Zifonun, Gisela},
	Publisher = {Mouton de Gruyter},
	Address = {Berlin},
	Pages = {525--550},
	Year = {1996} }

@incollection{Fuhrhop00a,
	Author = {Fuhrhop, Nanna},
	Title = {Zeigen {F}ugenelemente die {M}orphologisierung von {K}omposita an?},
	BookTitle = {Deutsche {G}rammatik in {T}heorie und {P}raxis: Für {P}eter {E}isenberg},
	Editor = {Thieroff, Rolf and Tamrat, Matthias and Fuhrhop, Nanna and Teuber, Oliver},
	Publisher = {Niemeyer},
	Address = {Tübingen},
	Pages = {201--213},
	Year = {2000} }

@article{Fuhrhop08a,
   Author = {Fuhrhop, Nanna},
   Title = {Das graphematische {W}ort (im {D}eutschen): Eine erste {A}nnäherung},
   Journal = {Zeitschrift für Sprachwissenschaft},
   Volume = {27},
   Number = {2},
   Pages = {189--228},
   Year = {2008} }

@book{Fuhrhop09a,
   Author = {Fuhrhop, Nanna},
   Title = {Orthografie},
   Publisher = {Winter},
   Address = {Heidelberg},
   Year = {2009} }

@incollection{Fuhrhop17a,
	Author = {Fuhrhop, Nanna},
	Title = {Konkatenative {M}orphologie},
	BookTitle = {Wortbildung},
	Editor = {Olsen, Susan and Müller, Peter O.},
	Series = {Wörterbücher zur {S}prach- und {K}ommunikationswissenschaft (Online)},
	Number = {2},
	Publisher = {De Gruyter},
	Address = {Berlin},
	URL = {https://doi.org/10.1515/wsk.2.0.konkatenativemorphologie},
	URLdate = {30.11.2018},
	Year = {2017} }

@book{Fuhrhop&Co13a,
   author = {Fuhrhop, Nanna and Peters, Jörg},
   title = {Einführung in die {Phonologie und Graphematik}},
   publisher = {Metzler},
   address = {Stuttgart},
   year = {2013} }

@incollection{Glueck00a,
   author = {Glück, Helmut},
   title = {Sprache},
   booktitle = {Metzler {Lexikon Sprache} (online)},
   editor = {Glück, Helmut},
   publisher = {Metzler},
   address = {Stuttgart},
   pages = {653-654},
   note = {(CD-Version der 2. Ausgabe, Directmedia Berlin - Digitale Bibliothek Band 34 [Anm. MyP])},
   year = {2000} }

@book{Glueck05a,
   Editor = {Glück, Helmut},
   title = {Metzler {Lexikon Sprache}},
   publisher = {Metzler},
   address = {Stuttgart},
   edition = {3},
   year = {2005} }

@incollection{Glueck16a,
	author = {Glück, Helmut},
	title = {Topologie},
	booktitle = {Metzler {L}exikon {S}prache},
	editor = {Glück, Helmut and Rödel, Michael},
	publisher = {Metzler},
	address = {Stuttgart},
	Pages = {719},
	edition = {5},
	year = {2016} }

@incollection{Glueck16b,
	author = {Glück, Helmut},
	title = {Konsonantenschrift},
	booktitle = {Metzler {Lexikon Sprache}},
	editor = {Glück, Helmut},
	publisher = {Metzler},
	address = {Stuttgart},
	pages = {358},
	year = {2016} }

@book{Glueck&Roedel16a,
	Editor = {Glück, Helmut and Rödel, Michael},
	Title = {Metzler {L}exikon {S}prache},
	Publisher = {Metzler},
	Address = {Stuttgart},
	Edition = {5},
	Year = {2016} }

@incollection{Goschler14a,
   Author = {Goschler, Juliana},
   Title = {Variation im {K}ernbereich: {K}oordinierte {S}ubjekte und {S}ubjekt-{V}erb-{K}ongruenz im {D}eutschen},
   BookTitle = {Zwischen {K}ern und {P}eripherie: {U}ntersuchungen zu {R}andbereichen in {S}prache und {G}rammatik},
   Editor = {{Machicao y Priemer}, Antonio and Nolda, Andreas and Sioupi, Athina},
   Publisher = {De Gruyter},
   Address = {Berlin},
   Pages = {89--101},
   Year = {2014} }

@book{Grewendorf&Co91a,
   Author = {Grewendorf, Günther and Hamm, Fritz and Sternefeld, Wolfgang},
   Title = {Sprachliches {W}issen: {E}ine {E}inführung in moderne {T}heorien der grammatischen {B}eschreibung},
   Publisher = {Suhrkamp},
   Address = {Frankfurt am Main},
   Year = {1991} }

@book{Grice89a,
	Author = {Grice, H. Paul},
	Title = {Studies in the {W}ay of {W}ords},
	Publisher = {Harvard University Press},
	Address = {Cambridge, Mass.},
	Year = {1989} }

@book{Haegeman94a,
   Author = {Haegeman, Liliane},
   Title = {Introduction to {Government and Binding} Theory},
   Publisher = {Blackwell},
   Address = {Oxford},
   Year = {1994} }

@article{Haider11a,
	Author = {Haider, Hubert},
	Title = {Grammatische {I}llusionen -- {L}okal wohlgeformt - global deviant},
	Journal = {Zeitschrift für Sprachwissenschaft},
	Volume = {30},
	Number = {2},
	Pages = {223--257},
	Year = {2011} }

@book{Hall00a,
   author = {Hall, Tracy Alan},
   title = {Phonologie. {Eine Einführung}},
   publisher = {Walter de Gruyter},
   address = {Berlin},
   series = {De Gruyter Studienbuch},
   year = {2000} }

@book{Harris93a-doubled,
   Author = {Harris, Randy Allen},
   Title = {The Linguistics Wars},
   Publisher = {Oxford University Press},
   Address = {Oxford},
   Year = {1993} }

@article{Haspelmath94a,
   Author = {Haspelmath, Martin},
   Title = {Functional Categories, {X}-bar Theory, and Grammaticalization Theory},
   Journal = {Sprachtypologie und Universalienforschung (STUF)},
   Volume = {47},
   Number = {1},
   Pages = {3--15},
   Year = {1994} }

@book{Helbig&Buscha05a,
   author = {Helbig, Gerhard and Buscha, Joachim},
   title = {Deutsche {Grammatik. Ein Handbuch für den Ausländerunterricht}},
   publisher = {Langenscheidt},
   address = {Berlin; München; Wien},
   keywords = {Sprachwissenschaft; Morphologie; Theoriebildung; Semantik; Wortbildung; Flexion; GK Linguistik; GK Morphologie; GK Syntax; Wort; Wortart; Phrase: VP; Phrase: NP; Phrase: AP; Phrase: AdvP; Phrase: DP; Phrase: PP; Phrase: CP; Konjunktion; Verb; Nomen; Präposition; Subjunktion; Partikel; Modalwort; Satzglied; Attribut; traditionelle Satzanalyse; Kongruenz; Agreement; Negation; Koordination; Subordination; Nebensatz; Satzmodus; Satzart; Textlinguistik; },
   year = {2005} }

@incollection{Herling21-removed,
	Author = {Herling, {[S,A,H]}},
	Title = {Über die {T}opik der deutschen {S}prache},
	BookTitle = {Abhandlungen des frankfurtischen {G}elehrtenvereins für deutsche {S}prache},
	Address = {Frankfurt a.M.},
	pages = {296--362, 394},
	Year = {1821} }

@incollection{Hetland14a,
	Author = {Hetland, Jorunn},
	Title = {Rekursion},
	BookTitle = {Grammatik: Syntax},
	Editor = {Schierholz, Stefan and Uzonyi, Pál},
	Series = {Wörterbücher zur Sprach- und Kommunikationswissenschaft (Online)},
	Number = {1.2},
	Publisher = {De Gruyter},
	Address = {Berlin},
	URL = {https://doi.org/10.1515/wsk.1.2.rekursion},
	URLdate = {05.12.2018},
	Year = {2014} }

@article{Hockett60a-removed,
   author = {Hockett, Charles},
   title = {The origin of speech},
   journal = {Scientific American},
   volume = {230},
   pages = {88--96},
   year = {1960} }

@book{Hoehle83-removed,
	Author = {Höhle, Tilman},
	Title = {Topologische {F}elder},
	Publisher = {ms},
	Address = {Köln},
	Year = {1983} }

@inproceedings{Hoehle85a,
	Author = {Höhle, Tilman},
	Title = {Der {B}egriff \gq{{M}ittelfeld}: Anmerkungen über die {T}heorie der topologischen {F}elder},
	BookTitle = {Kontroversen, alte und neue. {A}kten des {VII.} internationalen {G}ermanisten-{K}ongresses},
	Editor = {Weiss, Walter and Wiegand, Herbert E. and Reis, Marga},
	Address= {Göttingen},
	Publisher = {Niemeyer},
	Volume = {3},
	Pages = {329--340},
	Year = {1985} }

@incollection{Hornstein05a,
   Author = {Hornstein, Norbert},
   Title = {Empiricism and Rationalism as Research Strategies},
   BookTitle = {The {C}ambridge Companion to {C}homsky},
   Editor = {McGilvray, James},
   Publisher = {Cambridge University Press},
   Address = {Cambridge},
   Pages = {145--163},
   Year = {2005} }

@book{Jackendoff77x,
   Author = {Jackendoff, Ray},
   Title = {X-Bar Syntax: {A} Study of Phrase Structure},
   Publisher = {MIT Press},
   Address = {Cambridge},
   Year = {1977} }

@incollection{Kennedy11a,
	Author = {Kennedy, Christopher},
	Title = {Ambiguity and vagueness: {A}n overview},
	BookTitle = {Semantics: An International Handbook of Natural Language Meaning},
	Editor = {Maienborn, Claudia and Heusinger, Klaus von and Portner, Paul},
	Series = {Handbooks of Linguistics and Communication Science},
	Publisher = {De Gruyter Mouton},
	Address = {Berlin},
	Volume = {33.1},
	Pages = {507--535},
	Year = {2011} }

@book{Kertész&Co19,
	Title = {Current Approaches to Syntax: A Comparative Handbook},
	Editor = {Kertész, András and Moravcsik, Edith and Rákosi, Csilla},
	Number = {3},
	Publisher = {Mouton de Gruyter},
	Series = {Comparative Handbooks of Linguistics},
	Address = {Berlin},
	Year = {2019} }

@book{Kleiber93,
	Author = {Kleiber, Georges},
	Title = {Prototypentheorie: Eine {E}inführung},
	Publisher = {Gunter Narr},
	Address = {Tübingen},
	Year = {1993} }

@incollection{Kohler99a,
   Author = {Kohler, Klaus},
   Title = {German},
   BookTitle = {Handbook of the {I}nternational {P}honetic {A}ssociation: A Guide to the Use of the {I}nternational {P}honetic {A}lphabet},
   Publisher = {Cambridge University Press},
   Pages = {86--89},
   Year = {1999} }

@book{Krech&Co09a,
	Author = {Krech, Eva-Maria and Stock, Eberhard and Hirschfeld, Ursula and Anders, Lutz Christian},
	Title = {Deutsches {A}ussprachewörterbuch},
	Publisher = {Walter de Gruyter},
	Address = {Berlin},
	URL = {http://dx.doi.org/10.1515/9783110215564},
	Year = {2009} }
   
@article{Lasnik&Co02a,
   Author = {Lasnik, Howard and Uriagereka, Juan},
   Title = {On the Poverty of the Challenge},
   Journal = {The Linguistic Review},
   Volume = {19},
   Pages = {147--150},
   Year = {2002} }

@article{Lenerz85a,
	Author = {Lenerz, Jürgen},
	Title = {Phonologische {A}spekte der {A}ssimilation im {D}eutschen},
	Journal = {Zeitschrift für {S}prachwissenschaft},
	Volume = {4},
	Pages = {5--36},
	Year = {1985} }

@incollection{Lenerz93a-removed,
   Author = {Lenerz, Jürgen},
   Title = {Zu {S}yntax und {S}emantik deutscher {P}ersonalpronomina},
   BookTitle = {Wortstellung und {I}nformationsstruktur},
   Editor = {Reis, Marga},
   Publisher = {Max Niemeyer},
   Address = {Tübingen},
   Pages = {117--153},
   Year = {1993} }

@book{Loebner15a,
	Author = {Löbner, Sebastian},
	Title = {Semantik: {E}ine {E}inführung},
	Publisher = {De Gruyter Mouton},
	Address = {Berlin},
	Edition = {2},
	Year = {2015} }

@misc{Loebner15b,
	Author = {Löbner, Sebastian},
	Title = {Semantik: {E}ine {E}inführung -- {O}nline {M}aterialien},
	Publisher = {De Gruyter Mouton},
	Address = {Berlin},
	URL = {https://user.phil.hhu.de/~loebner/semantik_2/},
	Year = {2015} }

@book{Lohnstein11,
	Author = {Lohnstein, Horst},
	Year = {2011},
	Title = {Formale {S}emantik und natürliche {S}prache},
	Publisher = {De Gruyter},
	Address = {Berlin}}

@book{Luedeling2009-removed,
	author = {Lüdeling, Anke},
	title = {{G}rundkurs {S}prachwissenschaft},
	publisher = {Klett},
	address = {Stuttgart},
	year = {2009} }

@incollection{MyP16a,
	author = {{Machicao y Priemer}, Antonio},
	title = {Bikonditional},
	booktitle = {Metzler {L}exikon {S}prache},
	editor = {Glück, Helmut and Rödel, Michael},
	publisher = {Metzler},
	address = {Stuttgart},
	pages = {104},
	Edition = {5},
	Year = {2016} }

@incollection{MyP16b,
	Author = {{Machicao y Priemer}, Antonio},
	Title = {Determinansphrase},
	BookTitle = {Metzler {L}exikon {S}prache},
	Editor = {Glück, Helmut and Rödel, Michael},
	Publisher = {Metzler},
	Address = {Stuttgart},
	Edition = {5},
	Pages = {140},
	Year = {2016} }

@incollection{MyP16c,
	Author = {{Machicao y Priemer}, Antonio},
	Title = {D{P}-{H}ypothese},
	BookTitle = {Metzler {L}exikon {S}prache},
	Editor = {Glück, Helmut and Rödel, Michael},
	Publisher = {Metzler},
	Address = {Stuttgart},
	Edition = {5},
	Pages = {162},
	Year = {2016} }

@incollection{MyP16e,
	Author = {{Machicao y Priemer}, Antonio},
	Title = {Rektion},
	BookTitle = {Metzler {L}exikon {S}prache},
	Editor = {Glück, Helmut and Rödel, Michael},
	Publisher = {Metzler},
	Address = {Stuttgart},
	Edition = {5},
	Pages = {562-563},
	Year = {2016} }

@incollection{MyP16h,
	author = {{Machicao y Priemer}, Antonio},
	title = {Merkmalsemantik},
	booktitle = {Metzler Lexikon Sprache},
	editor = {Glück, Helmut and Rödel, Michael},
	publisher = {Metzler},
	address = {Weimar},
	pages = {426},
	Edition = {5},
	Year = {2016} }

@incollection{MyP17b,
	Author = {{Machicao y Priemer}, Antonio},
	Title = {Kerngrammatik},
	BookTitle = {Grammatik: Syntax},
	Editor = {Schierholz, Stefan and Uzonyi, Pál},
	Series = {Wörterbücher zur Sprach- und Kommunikationswissenschaft (Online)},
	Number = {1.2},
	Publisher = {De Gruyter},
	Address = {Berlin},
	Year = {2017} }

@incollection{MyP17d,
	Author = {{Machicao y Priemer}, Antonio},
	Title = {Schwesterknoten},
	BookTitle = {Grammatik: Syntax},
	Editor = {Schierholz, Stefan and Uzonyi, Pál},
	Series = {Wörterbücher zur Sprach- und Kommunikationswissenschaft (Online)},
	Number = {1.2},
	Publisher = {De Gruyter},
	Address = {Berlin},
	Year = {2017} }

@incollection{MyP18b,
	Author = {{Machicao y Priemer}, Antonio},
	Title = {Kopf},
	BookTitle = {Grammatik: Syntax},
	Editor = {Schierholz, Stefan and Uzonyi, Pál},
	Series = {Wörterbücher zur Sprach- und Kommunikationswissenschaft (Online)},
	Number = {1.2},
	Publisher = {De Gruyter},
	Address = {Berlin},
	Year = {2018} }

@incollection{MyP18a,
   Author = {{Machicao y Priemer}, Antonio},
   Title = {Konstituententests},
   BookTitle = {Grammatik: Syntax},
   Editor = {Schierholz, Stefan and Uzonyi, Pál},
   Series = {Wörterbücher zur Sprach- und Kommunikationswissenschaft (Online)},
   Number = {1.2},
   Publisher = {De Gruyter},
   Address = {Berlin},
   Year = {2018} }

@incollection{MyP18c,
	Author = {{Machicao y Priemer}, Antonio},
	Title = {Phrase},
	BookTitle = {Grammatik: Syntax},
	Editor = {Schierholz, Stefan and Uzonyi, Pál},
	Series = {Wörterbücher zur Sprach- und Kommunikationswissenschaft (Online)},
	Number = {1.2},
	Publisher = {De Gruyter},
	Address = {Berlin},
	Year = {2020} }

@incollection{MyP18e,
	Author = {{Machicao y Priemer}, Antonio},
	Title = {Alternativfragesatz},
	BookTitle = {Grammatik: Syntax},
	Editor = {Schierholz, Stefan and Uzonyi, Pál},
	Series = {Wörterbücher zur Sprach- und Kommunikationswissenschaft (Online)},
	Number = {1.2},
	Publisher = {De Gruyter},
	Address = {Berlin},
	URL = {https://doi.org/10.1515/wsk.1.2.alternativfragesatz},
	URLdate = {14.8.2018},
	Year = {2018} }

@incollection{MyP18f,
	Author = {{Machicao y Priemer}, Antonio},
	Title = {Eliminierungstest},
	BookTitle = {Grammatik: Syntax},
	Editor = {Schierholz, Stefan and Uzonyi, Pál},
	Series = {Wörterbücher zur Sprach- und Kommunikationswissenschaft (Online)},
	Number = {1.2},
	Publisher = {De Gruyter},
	Address = {Berlin},
	URL = {https://doi.org/10.1515/wsk.1.2.eliminierungstest},
	URLdate = {14.8.2018},
	Year = {2018} }

@incollection{MyP18g,
	Author = {{Machicao y Priemer}, Antonio},
	Title = {Entscheidungsfragesatz},
	BookTitle = {Grammatik: Syntax},
	Editor = {Schierholz, Stefan and Uzonyi, Pál},
	Series = {Wörterbücher zur Sprach- und Kommunikationswissenschaft (Online)},
	Number = {1.2},
	Publisher = {De Gruyter},
	Address = {Berlin},
	URL = {https://doi.org/10.1515/wsk.1.2.entscheidungsfragesatz},
	URLdate = {14.8.2018},
	Year = {2018} }

@incollection{MyP18i,
	Author = {{Machicao y Priemer}, Antonio},
	Title = {Ergänzungsfragesatz},
	BookTitle = {Grammatik: Syntax},
	Editor = {Schierholz, Stefan and Uzonyi, Pál},
	Series = {Wörterbücher zur Sprach- und Kommunikationswissenschaft (Online)},
	Number = {1.2},
	Publisher = {De Gruyter},
	Address = {Berlin},
	URL = {https://doi.org/10.1515/wsk.1.2.erganzungsfragesatz},
	URLdate = {14.8.2018},
	Year = {2018} }

@incollection{MyP18j,
	Author = {{Machicao y Priemer}, Antonio},
	Title = {Frageprobe},
	BookTitle = {Grammatik: Syntax},
	Editor = {Schierholz, Stefan and Uzonyi, Pál},
	Series = {Wörterbücher zur Sprach- und Kommunikationswissenschaft (Online)},
	Number = {1.2},
	Publisher = {De Gruyter},
	Address = {Berlin},
	URL = {https://doi.org/10.1515/wsk.1.2.frageprobe},
	URLdate = {14.8.2018},
	Year = {2018} }

@incollection{MyP18l,
	Author = {{Machicao y Priemer}, Antonio},
	Title = {Permutationstest},
	BookTitle = {Grammatik: Syntax},
	Editor = {Schierholz, Stefan and Uzonyi, Pál},
	Series = {Wörterbücher zur Sprach- und Kommunikationswissenschaft (Online)},
	Number = {1.2},
	Publisher = {De Gruyter},
	Address = {Berlin},
	URL = {https://doi.org/10.1515/wsk.1.2.permutationstest},
	URLdate = {14.8.2018},
	Year = {2018} }

@incollection{MyP18m,
	Author = {{Machicao y Priemer}, Antonio},
	Title = {Substitutionstest},
	BookTitle = {Grammatik: Syntax},
	Editor = {Schierholz, Stefan and Uzonyi, Pál},
	Series = {Wörterbücher zur Sprach- und Kommunikationswissenschaft (Online)},
	Number = {1.2},
	Publisher = {De Gruyter},
	Address = {Berlin},
	URL = {https://doi.org/10.1515/wsk.1.2.substitutionstest},
	URLdate = {14.8.2018},
	Year = {2018} }

@incollection{MyP18n,
	Author = {{Machicao y Priemer}, Antonio},
	Title = {Skopus},
	BookTitle = {Grammatik: Syntax},
	Editor = {Schierholz, Stefan and Uzonyi, Pál},
	Series = {Wörterbücher zur Sprach- und Kommunikationswissenschaft (Online)},
	Number = {1.2},
	Publisher = {De Gruyter},
	Address = {Berlin},
	URL = {https://doi.org/10.1515/wsk.1.2.skopus},
	URLdate = {14.8.2018},
	Year = {2018} }

@incollection{MyP18p,
	Author = {{Machicao y Priemer}, Antonio},
	Title = {Direkter {F}ragesatz},
	BookTitle = {Grammatik: Syntax},
	Editor = {Schierholz, Stefan and Uzonyi, Pál},
	Series = {Wörterbücher zur Sprach- und Kommunikationswissenschaft (Online)},
	Number = {1.2},
	Publisher = {De Gruyter},
	Address = {Berlin},
	URL = {https://doi.org/10.1515/wsk.1.2.direkterfragesatz},
	URLdate = {14.8.2018},
	Year = {2018} }

@incollection{MyP18s,
	Author = {{Machicao y Priemer}, Antonio},
	Title = {Funktionale {K}ategorie},
	BookTitle = {Grammatik: Syntax},
	Editor = {Schierholz, Stefan and Uzonyi, Pál},
	Series = {Wörterbücher zur Sprach- und Kommunikationswissenschaft (Online)},
	Number = {1.2},
	Publisher = {De Gruyter},
	Address = {Berlin},
	Year = {2019} }

@incollection{MyP18t,
	Author = {{Machicao y Priemer}, Antonio},
	Title = {Argumentstruktur},
	BookTitle = {Grammatik: Syntax},
	Editor = {Schierholz, Stefan and Uzonyi, Pál},
	Series = {Wörterbücher zur Sprach- und Kommunikationswissenschaft (Online)},
	Number = {1.2},
	Publisher = {De Gruyter},
	Address = {Berlin},
	Year = {2019} }

@book{MyP&Co14b,
	Editor = {{Machicao y Priemer}, Antonio and Nolda, Andreas and Sioupi, Athina},
	Title = {Zwischen {K}ern und {P}eripherie: {U}ntersuchungen zu {R}andbereichen in {S}prache und {G}rammatik},
	Publisher = {De Gruyter},
	Address = {Berlin},
	Year = {2014} }

@incollection{McIntyre13a,
	Author = {McIntyre, Andrew},
	Title = {Rektion},
	BookTitle = {Wortbildung},
	Editor = {Olsen, Susan and Müller, Peter O.},
	Series = {Wörterbücher zur Sprach- und Kommunikationswissenschaft (Online)},
	Number = {2.0},
	Publisher = {De Gruyter},
	Address = {Berlin},
	URL = {https://doi.org/10.1515/wsk.2.0.rektion},
	URLdate = {05.12.2018},
	Year = {2013} }

@book{Meibauer&Co07a,
   author = {Meibauer, Jörg and Demske, Ulrike and Geilfuß-Wolfgang, Jochen and Pafel, Jürgen and Ramers, Karl-Heinz and Rothweiler, Monika and Steinbach, Markus},
   title = {Einführung in die germanistische {Linguistik}},
   publisher = {Metzler},
   address = {Stuttgart},
   keywords = {Sprachwissenschaft; Sprache; Theoriebildung; Kognition; GK Linguistik; Syntax; Morphologie; Phonologie; Phonetik; Semantik; Pragmatik; Zeichen; Graphematik; Strukturalismus; Generativ; UG; Konstituentenstruktur; X-bar-Schema; Phrase: NP; Phrase: DP; Argumentselektion; Phrase: Komplement; Phrase: Adjunkt; Phrase: QP; Phrase: IP; Phrase: CP; Phrase: VP; Rektion; Bindung; Bewegung: Anhebung; Bewegung: W-Bewegung; W-Fragen; Wortart; Funktionale Kategorie; Lexikalische Kategorie ; Topologie; Topologisches Feldermodell; Gricesche Maximen; Implikatur; Implikation; Präsupposition; },
   year = {2007} }

@incollection{MuellerG11a,
	Author = {Müller, Gereon},
	Title = {Regeln oder {K}onstruktionen? Von verblosen {D}irektiven zur sequenziellen {N}ominalreduplikation},
	BookTitle = {Sprachliches {W}issen zwischen {L}exikon und {G}rammatik},
	Editor = {Engelberg, Stefan and Holler, Anke and Proost, Kristel},
	Series = {Institut für {D}eutsche {S}prache {J}ahrbuch 2010},
	Publisher = {De Gruyter},
	Address = {Berlin},
	Pages = {211--249},
	Year = {2011} }

@incollection{MuellerHG14a,
	Author = {Müller, Hans-Georg},
	Title = {Ein {T}rick wird {T}rend: Zur {D}ynamik, den {W}urzeln und der {F}unktion von {B}innenmajuskelschreibung},
	BookTitle = {Zwischen {K}ern und {P}eripherie: {U}ntersuchungen zu {R}andbereichen in {S}prache und {G}rammatik},
	Editor = {{Machicao y Priemer}, Antonio and Nolda, Andreas and Sioupi, Athina},
	Publisher = {De Gruyter},
	Address = {Berlin},
	Pages = {305--325},
	Year = {2014} }

@book{MuellerS13f,
   Author = {Müller, Stefan},
   Title = {Grammatiktheorie},
   Publisher = {Stauffenburg},
   Address = {Tübingen},
   Year = {2013} }
   
@book{MuellerS15b,
   Author = {Müller, Stefan},
   Title = {Grammatical Theory: {F}rom {T}ransformational {G}rammar to Constraint-Based Approaches},
   Publisher = {Language Science Press},
   Address = {Berlin},
   Year = {2016} }

@book{MuellerS&Co18-removed,
	Author = {Müller, Stefan and Reis, Marga and Richter (eds.), Frank},
	Title = {Beiträge zur deutschen {G}rammatik: Gesammelte {S}chriften von {T}ilman {N}. {H}öhle},
	Publisher = {Language Science Press},
	Address = {Berlin},
	Series = {(Classics in Linguistics 5)},
	Year = {2018} }

@incollection{Mueller&MyP19,
	Author = {Müller, Stefan and {Machicao y Priemer}, Antonio},
	Title = {Head-{D}riven {P}hrase {S}tructure {G}rammar},
	BookTitle = {Current Approaches to Syntax: A Comparative Handbook},
	Editor = {Kertész, András and Moravcsik, Edith and Rákosi, Csilla},
	Number = {3},
	Publisher = {Mouton de Gruyter},
	Series = {Comparative Handbooks of Linguistics},
	Address = {Berlin},
	Pages = {317--360},
	Year = {2019} }

@incollection{Nolda&Co14a,
   Author = {Nolda, Andreas and {Machicao y Priemer}, Antonio and Sioupi, Athina},
   Title = {Die {Kern/Peripherie-Unterscheidung: Probleme und Positionen}},
   BookTitle = {Zwischen {K}ern und {P}eripherie: {U}ntersuchungen zu {R}andbereichen in {S}prache und {G}rammatik},
   Editor = {{Machicao y Priemer}, Antonio and Nolda, Andreas and Sioupi, Athina},
   Publisher = {De Gruyter},
   Address = {Berlin},
   Pages = {9--23},
   Year = {2014} }

@book{Ogden&Richards23a,
	Author = {Ogden, Charles Kay and Richards, Ivor Armstrong},
	Title = {The Meaning of Meaning},
	Publisher = {Routledge},
	Address = {London},
	Number = {2},
	Series = {I. A. Richards: Selected Works 1919--1938},
	Note = {First published in 1923 by Kegan Paul, Trench, Trubner \& Co. Ltd.},
	Year = {2001} }

@book{Olsen86a-biblio,
	Author = {Olsen, Susan},
	Title = {Wortbildung im {D}eutschen: Eine {E}inführung in die {T}heorie der {W}ortstruktur},
	Publisher = {Alfred Kröner Verlag},
	Address = {Stuttgart},
	Series = {Kröners {S}tudienbibliothek},
	Number = {660},
	Year = {1986} }

@incollection{Olsen14a,
	Author = {Olsen, Susan},
	Title = {Coordinative structures in morphology},
	BookTitle = {Zwischen Kern und Peripherie: Untersuchungen zu Randbereichen in Sprache und Grammatik},
	Editor = {{Machicao y Priemer}, Antonio and Nolda, Andreas and Sioupi, Athina},
	Series = {Studia grammatica},
	Number = {76},
	Publisher = {De Gruyter},
	Address = {Berlin},
	Pages = {269--286},
	Year = {2014} }

@incollection{Olsen15a,
	Author = {Olsen, Susan},
	Title = {Rekursion},
	BookTitle = {Wortbildung},
	Editor = {Olsen, Susan and Müller, Peter O.},
	Series = {Wörterbücher zur Sprach- und Kommunikationswissenschaft (Online)},
	Number = {2.0},
	Publisher = {De Gruyter},
	Address = {Berlin},
	URL = {https://doi.org/10.1515/wsk.2.0.rekursion},
	URLdate = {05.12.2018},
	Year = {2015} }

@article{Pafel09,
	Author = {Pafel, Jürgen},
	Title = {Zur linearen {S}yntax des deutschen {S}atzes},
	Journal = {Linguistische Berichte},
	Volume = {217},
	Pages = {37--79},
	Year = {2009} }

@incollection{Pafel17a,
	Author = {Pafel, Jürgen},
	Title = {Phrasal Compounds and the Morphology-Syntax Relation},
	BookTitle = {Further Investigations into the Nature of Phrasal Compounding},
	Editor = {Trips, Carola and Kornfilt, Jaklin},
	Series = {Morphological Investigations},
	Number = {1},
	Publisher = {Language Science Press},
	Address = {Berlin},
	Pages = {231--257},
	Year = {2017} }

@misc{Partee19a,
	Author = {Partee, Barbara H.},
	Title = {A Brief History of the Syntax-Semantics Interface in {W}estern Formal Linguistics},
	URL = {https://semanticsarchive.net/Archive/zJjODVlN/ParteeSyn-SemHistory.pdf},
	URLdate = {19.02.2020},
	Year = {2019} }

@book{Partee&Co93a,
	Author = {Partee, Barbara H. and Meulen, Alice G. and Wall, Robert E.},
	Title = {Mathematical Methods in Linguistics},
	Publisher = {Kluwer},
	Address = {Dordrecht},
	Edition = {2},
	Year = {1993} }
   
@book{Philippi&Tewes10a,
   author = {Philippi, Jule and Tewes, Michael},
   title = {Basiswissen {Generative Grammatik}},
   publisher = {Vandenhoeck \& Ruprecht},
   address = {Göttingen},
   year = {2010} }

@book{Pinker95a,
   Author = {Pinker, Steven},
   Title = {The Language Instinct: {The} New Science of Language and Mind},
   Publisher = {Penguin Books},
   Address = {London},
   Year = {1995} }

@incollection{Plungian00a,
	Author = {Plungian, Vladimir A.},
	Title = {Die Stellung der {M}orphologie im {S}prachsystem},
	BookTitle = {Morphologie: ein internationales {H}andbuch zur {F}lexion und {W}ortbildung},
	Editor = {Booij, Geert and Lehmann, Christian and Mugdan, Joachim},
	Series = {Handbooks of Linguistics and Communication Science},
	Publisher = {Walter de Gruyter},
	Address = {Berlin},
	Volume = {17.1},
	Pages = {22--34},
	Year = {2000} }

@book{Pompino95a,
   author = {Pompino-Marschall, Bernd},
   title = {Einführung in die {Phonetik}},
   publisher = {Walter de Gruyter},
   address = {Berlin},
   year = {1995} }

@incollection{Prechtl16a,
	author = {Prechtl, Peter},
	title = {Aussagenlogik},
	booktitle = {Metzler {L}exikon {S}prache},
	editor = {Glück, Helmut and Rödel, Michael},
	publisher = {Metzler},
	address = {Stuttgart},
	pages = {73--74},
	Edition = {5},
	Year = {2016} }

@incollection{Prechtl16b,
	author = {Prechtl, Peter},
	title = {Kontingenz},
	booktitle = {Metzler {L}exikon {S}prache},
	editor = {Glück, Helmut and Rödel, Michael},
	publisher = {Metzler},
	address = {Stuttgart},
	pages = {364},
	Edition = {5},
	Year = {2016} }

@article{Pullum&Scholz02a,
   Author = {Pullum, Geoffrey K. and Scholz, Barbara C.},
   Title = {Empirical Assessment of Stimulus Poverty Arguments},
   Journal = {The Linguistic Review},
   Volume = {19},
   Pages = {9--50},
   Year = {2002} }

@article{Ramers06a,
	Author = {Ramers, Karl-Heinz},
	Title = {Topologische {F}elder: {N}ominalphrase und {S}atz im {D}eutschen},
	Journal = {Zeitschrift für Sprachwissenschaft},
	Volume = {25},
	Pages = {95--127},
	Year = {2006} }

@book{Ramers08a,
   Author = {Ramers, Karl-Heinz},
   Title = {Einführung in die {Phonologie}},
   Publisher = {Wilhelm Fink},
   Address = {München},
   Series = {UTB für Wissenschaft},
   Year = {2008} }

@book{Ramers&Vater92a,
	Author = {Ramers, Karl-Heinz and Vater, Heinz},
	Title = {Einführung in die {P}honologie},
	Publisher = {Gabel Verlag},
	Address = {Hürth-Efferen},
	Edition = {3},
	Year = {1992} }

@incollection{Rehbock16a,
	author = {Rehbock, Helmut},
	title = {Tautologie},
	booktitle = {Metzler {L}exikon {S}prache},
	editor = {Glück, Helmut and Rödel, Michael},
	publisher = {Metzler},
	address = {Stuttgart},
	pages = {702},
	Edition = {5},
	Year = {2016} }

@incollection{Rehbock16b,
	author = {Rehbock, Helmut},
	title = {Kontradiktion},
	booktitle = {Metzler {L}exikon {S}prache},
	editor = {Glück, Helmut and Rödel, Michael},
	publisher = {Metzler},
	address = {Weimar},
	pages = {364},
	Edition = {5},
	Year = {2016} }

@book{Repp&Co12a,
   author = {Repp, Sophie and Abramowski, Anneliese and Haida, Andreas and Hartmann, Katharina and Hinterwimmer, Stefan and Krämer, Sabine and Lang, Ewald and Lüdeling, Anke and Machicao y Priemer, Antonio and Maienborn, Claudia and Musan, Renate and Nimz, Katharina and Nolda, Andreas and Skupinski, Peter and Strietz, Monika and Szucsich, Luka and Verhoeven, Elisabeth and Wiese, Heike},
   title = {Arbeitsmaterialien: {Grundkurs Linguistik (sowie Übung Deutsche Grammatik in Auszügen})},
   publisher = {Institut für deutsche Sprache und Linguistik der Humboldt-Universität zu Berlin},
   address = {Berlin},
   year = {2012} }

@book{Repp&Co15a,
   Author = {Repp, Sophie and Abramowski, Anneliese and Haida, Andreas and Hartmann, Katharina and Hinterwimmer, Stefan and Krämer, Sabine and Lang, Ewald and Lüdeling, Anke and Machicao y Priemer, Antonio and Maienborn, Claudia and Musan, Renate and Nimz, Katharina and Nolda, Andreas and Skupinski, Peter and Strietz, Monika and Szucsich, Luka and Verhoeven, Elisabeth and Wiese, Heike},
   Title = {Arbeitsmaterialien: {Grundkurs Linguistik (sowie Übung Deutsche Grammatik in Auszügen})},
   Publisher = {Institut für deutsche Sprache und Linguistik -- Humboldt-Universität zu Berlin},
   Address = {Berlin},
   Year = {2015} }

@incollection{Roedel16a,
	Author = {Rödel, Michael},
	Title = {Syntax},
	BookTitle = {Metzler {L}exikon {S}prache},
	Editor = {Glück, Helmut and Rödel, Michael},
	Publisher = {Metzler},
	Address = {Stuttgart},
	Edition = {5},
	Pages = {697--698},
	Year = {2016} }

@book{Rues&Co07a,
	Author = {Rues, Beate and Redecker, Beate and Koch, Evelyn and Wallraff, Uta and Simpson, Adrian},
	Title = {Phonetische {T}ranskription des {D}eutschen: Ein {A}rbeitsbuch},
	Publisher = {Gunter Narr},
	Address = {Tübingen},
	Year = {2007} }

@incollection{Salmon00a,
	Author = {Salmon, Paul},
	Title = {The Term `Morphology'},
	BookTitle = {Morphologie: ein internationales {H}andbuch zur {F}lexion und {W}ortbildung},
	Editor = {Booij, Geert and Lehmann, Christian and Mugdan, Joachim},
	Series = {Handbooks of Linguistics and Communication Science},
	Publisher = {Walter de Gruyter},
	Address = {Berlin},
	Volume = {17.1},
	Pages = {15--22},
	Year = {2000} }

@book{Saussure16x,
	Author = {Saussure, Ferdinand de},
	Title = {Grundfragen der allgemeinen {S}prachwissenschaft},
	Publisher = {Walter de Gruyter},
	Address = {Berlin},
	Edition = {2},
	Note = {[Hg. von Charles Bally und Albert Sechehaye; mit einem Nachwort von Peter von Polenz; Erstausgabe 1916]},
	Year = {1916/1967} }

@book{SchaeferR16a,
	Author = {Schäfer, Roland},
	Title = {Einführung in die grammatische {B}eschreibung des {D}eutschen},
	Publisher = {Language Science Press},
	Address = {Berlin},
	Edition = {2},
	URL = {http://langsci-press.org//catalog/book/101},
	URLdate = {05.10.2016},
	Year = {2016} }

@book{Schierholz&Co18,
	Editor = {Schierholz, Stefan J. and Wiegand, Herbert Ernst},
	Title = {Wörterbücher zur {S}prach- und {K}ommunikationswissenschaft ({WSK}) Online},
	Publisher = {de Gruyter},
	Address = {Berlin},
	URL = {https://www.degruyter.com/view/db/wsk},
	Year = {2018} }

@book{Schwarz&Chur93,
	Author = {Schwarz, Monika and Chur, Jeannette},
	Title = {Semantik: Ein {A}rbeitsbuch},
	Publisher = {Gunter Narr},
	Address = {Tübingen},
	Year = {1993} }

@book{Staffeldt10a,
	Author = {Staffeldt, Sven},
	Title = {Einführung in die {P}honetik, {P}honologie und {G}raphematik des {D}eutschen: Ein {L}eitfaden für den akademischen {U}nterricht},
	Publisher = {Stauffenburg},
	Address = {Tübingen},
	Year = {2016} }

@incollection{Staffeldt16a,
	Author = {Staffeldt, Sven},
	Title = {Feldgliederung},
	BookTitle = {{M}etzler {L}exikon {S}prache},
	Editor = {Glück, Helmut and Rödel, Michael},
	Publisher = {Metzler},
	Address = {Stuttgart},
	Edition = {5},
	Pages = {198--199},
	Year = {2016} }

@book{Stechow&Sternefeld88a,
   Author = {Stechow, Arnim von and Sternefeld, Wolfgang},
   Title = {Bausteine syntaktischen {Wissens: Ein Lehrbuch der generativen Grammatik}},
   Publisher = {Westdeutscher Verlag},
   Address = {Opladen},
   Year = {1988} }

@book{Sternefeld06a,
	Author = {Sternefeld, Wolfgang},
	Title = {Syntax: Eine morphologisch motivierte generative {B}eschreibung des {D}eutschen},
	Publisher = {Stauffenburg},
	Address = {Tübingen},
	Volume = {1},
	Year = {2006} }

@book{Sternefeld06b,
	Author = {Sternefeld, Wolfgang},
	Title = {Syntax: Eine morphologisch motivierte generative {B}eschreibung des {D}eutschen},
	Publisher = {Stauffenburg},
	Address = {Tübingen},
	Volume = {2},
	Year = {2006} }

@book{Thrax74a,
	Author = {Thrax, Dionysios},
	Title = {The Grammar of {D}ionysios {T}hrax},
	Address = {St. Louis},
	Edition = {Reprinted from the {J}ournal of {S}peculative {P}hilosophy},
	Note = {(vermutlich 2.\ Jh.\ v.\ Chr.\ [Anm. MyP])},
	Year = {1874} }

@incollection{Thuemmel00a,
   author = {Thümmel, Wolf},
   title = {Natürliche {Sprache}},
   booktitle = {Metzler {L}exikon {S}prache (online)},
   editor = {Glück, Helmut},
   publisher = {Metzler},
   address = {Stuttgart},
   pages = {466},
   note = {(CD-Version der 2. Ausgabe, Directmedia Berlin - Digitale Bibliothek Band 34 [Anm. MyP])},
   year = {2000} }

	
@book{Trubetzkoy89a-doppelt,
	Author = {Trubetzkoy, Nikolai Sergejewitsch},
	Title = {Grundzüge der {Phonologie}},
	Publisher = {Vandenhoeck \& Ruprecht},
	Address = {Göttingen},
	Edition = {7.},
	Year = {1989} } 

@book{Twain10b,
   Author = {Twain, Mark},
   Title = {The Awful {German} Language},
   Publisher = {US-Botschaft Berlin -- Public Affairs},
   Address = {Berlin},
   Notes = {[Original 1880]},
   Year = {2010} }

@article{Wegener03b,
	Author = {Wegener, Heide},
	Title = {Entstehung und {F}unktion der {F}ugenelemente im {D}eutschen, oder: warum wir keine {*A}utosbahn haben},
	Journal = {Linguistische {B}erichte},
	Volume = {196},
	Pages = {425--457},
	Year = {2003} }
   
@book{WieseR96a,
   Author = {Wiese, Richard},
   Title = {The Phonology of {German}},
   Publisher = {Oxford University Press},
   Address = {Oxford},
   Series = {The Phonology of World's Languages},
   Year = {1996} }

@book{WieseR11a,
   author = {Wiese, Richard},
   title = {Phonetik und {Phonologie}},
   publisher = {Wilhelm Fink},
   address = {Paderborn},
   year = {2011} }

@book{Wittgenstein72a,
	Author = {Wittgenstein, Ludwig},
	Title = {Tractatus logico-philosophicus},
	Publisher = {Routledge \& Kegan Paul},
	Address = {London},
	Note ={[mit einer Einführung von Betrand Russell; Erstausgabe 1921; MyP]},
	Year = {1921/1972} }

@book{Woellstein10a,
   Author = {Wöllstein, Angelika},
   Title = {Topologisches {Satzmodell}},
   Publisher = {Winter},
   Address = {Heidelberg},
   Year = {2010} }

@book{Wurzel84x,
	Title={Flexionsmorphologie und {N}at{\"u}rlichkeit: ein {B}eitrag zur morphologischen {T}heoriebildung},
	Author={Wurzel, Wolfgang Ullrich},
	Series = {Studia grammatica},
	Volume={21},
	Year={1984},
	Publisher={Akademie Verlag},
	Adress = {Berlin} }

@incollection{Wurzel00a,
	Author = {Wurzel, Wolfgang Ullrich},
	Title = {Der {G}egenstand der {M}orphologie},
	BookTitle = {Morphologie: ein internationales {H}andbuch zur {F}lexion und {W}ortbildung},
	Editor = {Booij, Geert and Lehmann, Christian and Mugdan, Joachim},
	Series = {Handbooks of Linguistics and Communication Science},
	Publisher = {Walter de Gruyter},
	Address = {Berlin},
	Volume = {17.1},
	Pages = {1--15},
	Year = {2000} }

@incollection{Wurzel00b,
	Author = {Wurzel, Wolfgang Ullrich},
	Title = {Was ist ein {W}ort?},
	BookTitle = {Deutsche {G}rammatik in {T}heorie und {P}raxis},
	Editor = {Thieroff, Rolf and Tamrat, Matthias and Fuhrhop, Nanna and Teuber, Oliver},
	Publisher = {Max Niemeyer},
	Address = {Tübingen},
	Pages = {29--42},
	Year = {2000} }

@book{ZimmermannT&Sternefeld13a,
	Author = {Zimmermann, Thomas Ede and Sternefeld, Wolfgang},
	Title = {Introduction to Semantics: An Essential Guide to the Composition of Meaning},
	Publisher = {De Gruyter Mouton},
	Address = {Berlin},
	Year = {2013} }
